
@misc{ply,
author = "David M. Beazley",
 title = "PLY (Python Lex Yacc)",
 howpublished = "https://github.com/dabeaz/ply.git",
}